<?xml version="1.0" encoding="UTF-8"?><record xmlns="http://www.loc.gov/MARC21/slim" xmlns:cinclude="http://apache.org/cocoon/include/1.0" xmlns:zs="http://www.loc.gov/zing/srw/">
  <leader>00599cz  a2200145n  4500</leader>
  <controlfield tag="001">nb2008014163</controlfield>
  <controlfield tag="003">DLC</controlfield>
  <controlfield tag="005">20120817081900.0</controlfield>
  <controlfield tag="008">080704n| acannaabn          |n aaa      </controlfield>
  <datafield tag="010" ind1=" " ind2=" ">
    <subfield code="a">nb2008014163</subfield>
  </datafield>
  <datafield tag="035" ind1=" " ind2=" ">
    <subfield code="a">(Uk)007164489</subfield>
  </datafield>
  <datafield tag="040" ind1=" " ind2=" ">
    <subfield code="a">Uk</subfield>
    <subfield code="b">eng</subfield>
    <subfield code="c">Uk</subfield>
    <subfield code="d">DLC</subfield>
  </datafield>
  <datafield tag="100" ind1="1" ind2=" ">
    <subfield code="a">Wendel, George D.,</subfield>
    <subfield code="c">M.D.</subfield>
  </datafield>
  <datafield tag="667" ind1=" " ind2=" ">
    <subfield code="a">THIS 1XX FIELD CANNOT BE USED UNDER RDA UNTIL THIS RECORD HAS BEEN REVIEWED AND/OR UPDATED</subfield>
  </datafield>
  <datafield tag="670" ind1=" " ind2=" ">
    <subfield code="a">Infectious diseases in pregnancy, 2005:</subfield>
    <subfield code="b">t.p. (George D. Wendel, Jr, MD) prelim. (Professor, Dept. of Obstetrics and Gynecology, University of North Carolina School of Medicine, North Carolina)</subfield>
  </datafield>
</record>